
@book{bogoliubov_introduction_2010,
	location = {Hackensack, {NJ}},
	edition = {2nd ed},
	title = {Introduction to quantum statistical mechanics},
	isbn = {978-981-4295-19-2 978-981-4295-82-6},
	pagetotal = {422},
	publisher = {World Scientific},
	author = {Bogoli︠u︡bov, N. N. and Bogoli︠u︡bov, N. N.},
	date = {2010},
	note = {{OCLC}: ocn526687587},
	keywords = {Quantum statistics, Statistical mechanics},
}

@article{wegner_flow-equations_1994,
	title = {Flow-equations for Hamiltonians},
	volume = {506},
	issn = {00033804, 15213889},
	url = {https://onlinelibrary.wiley.com/doi/10.1002/andp.19945060203},
	doi = {10.1002/andp.19945060203},
	pages = {77--91},
	number = {2},
	journaltitle = {Ann. Phys.},
	author = {Wegner, Franz},
	urldate = {2021-08-21},
	date = {1994},
	langid = {german},
}

@book{nolting_grundkurs_2015,
	location = {Berlin Heidelberg},
	edition = {8. Aufl},
	title = {Grundkurs Theoretische Physik. 7: Viel-Teilchen-Theorie / Wolfgang Nolting},
	isbn = {978-3-642-25807-7 978-3-662-49552-0},
	series = {Springer-Lehrbuch},
	shorttitle = {Grundkurs Theoretische Physik. 7},
	pagetotal = {674},
	publisher = {Springer Spektrum},
	author = {Nolting, Wolfgang},
	date = {2015},
	doi = {10.1007/978-3-642-25808-4},
	file = {Table of Contents PDF:C\:\\Users\\David\\Zotero\\storage\\H977RQ67\\Nolting - 2015 - Grundkurs Theoretische Physik. 7 Viel-Teilchen-Th.pdf:application/pdf},
}

@article{sachdev_bond-operator_1990,
	title = {Bond-operator representation of quantum spins: Mean-field theory of frustrated quantum Heisenberg antiferromagnets},
	volume = {41},
	issn = {0163-1829, 1095-3795},
	url = {https://link.aps.org/doi/10.1103/PhysRevB.41.9323},
	doi = {10.1103/PhysRevB.41.9323},
	shorttitle = {Bond-operator representation of quantum spins},
	pages = {9323--9329},
	number = {13},
	journaltitle = {Phys. Rev. B},
	author = {Sachdev, Subir and Bhatt, R. N.},
	urldate = {2021-08-25},
	date = {1990-05-01},
	langid = {english},
}

@article{krull_enhanced_2012,
	title = {Enhanced perturbative continuous unitary transformations},
	volume = {86},
	issn = {1098-0121, 1550-235X},
	url = {https://link.aps.org/doi/10.1103/PhysRevB.86.125113},
	doi = {10.1103/PhysRevB.86.125113},
	pages = {125113},
	number = {12},
	journaltitle = {Phys. Rev. B},
	author = {Krull, H. and Drescher, N. A. and Uhrig, G. S.},
	urldate = {2021-09-04},
	date = {2012-09-10},
	langid = {english},
	file = {Eingereichte Version:C\:\\Users\\David\\Zotero\\storage\\YJAXJCNB\\Krull et al. - 2012 - Enhanced perturbative continuous unitary transform.pdf:application/pdf},
}

@article{bleicker_strong_2018,
	title = {Strong quenches in the one-dimensional Fermi-Hubbard model},
	volume = {98},
	issn = {2469-9926, 2469-9934},
	url = {https://link.aps.org/doi/10.1103/PhysRevA.98.033602},
	doi = {10.1103/PhysRevA.98.033602},
	pages = {033602},
	number = {3},
	journaltitle = {Phys. Rev. A},
	author = {Bleicker, Philip and Uhrig, Götz S.},
	urldate = {2021-09-04},
	date = {2018-09-10},
	langid = {english},
	file = {Eingereichte Version:C\:\\Users\\David\\Zotero\\storage\\MDKDI33U\\Bleicker und Uhrig - 2018 - Strong quenches in the one-dimensional Fermi-Hubba.pdf:application/pdf},
}

@article{yarmohammadi_dynamical_2021,
	title = {Dynamical properties of a driven dissipative dimerized S = 1 2 chain},
	volume = {103},
	issn = {2469-9950, 2469-9969},
	url = {https://link.aps.org/doi/10.1103/PhysRevB.103.045132},
	doi = {10.1103/PhysRevB.103.045132},
	pages = {045132},
	number = {4},
	journaltitle = {Phys. Rev. B},
	author = {Yarmohammadi, M. and Meyer, C. and Fauseweh, B. and Normand, B. and Uhrig, G. S.},
	urldate = {2021-09-04},
	date = {2021-01-22},
	langid = {english},
	file = {Volltext:C\:\\Users\\David\\Zotero\\storage\\LVCFMLYW\\Yarmohammadi et al. - 2021 - Dynamical properties of a driven dissipative dimer.pdf:application/pdf},
}

@article{watson_magnetic_2001,
	title = {Magnetic Spin Ladder ( C 5 H 12 N ) 2 Cu Br 4 : High-Field Magnetization and Scaling near Quantum Criticality},
	volume = {86},
	issn = {0031-9007, 1079-7114},
	url = {https://link.aps.org/doi/10.1103/PhysRevLett.86.5168},
	doi = {10.1103/PhysRevLett.86.5168},
	shorttitle = {Magnetic Spin Ladder ( C 5 H 12 N ) 2 Cu Br 4},
	pages = {5168--5171},
	number = {22},
	journaltitle = {Phys. Rev. Lett.},
	author = {Watson, B. C. and Kotov, V. N. and Meisel, M. W. and Hall, D. W. and Granroth, G. E. and Montfrooij, W. T. and Nagler, S. E. and Jensen, D. A and Backov, R. and Petruska, M. A. and Fanucci, G. E. and Talham, D. R.},
	urldate = {2021-09-05},
	date = {2001-05-28},
	langid = {english},
	file = {Eingereichte Version:C\:\\Users\\David\\Zotero\\storage\\R66G7IZV\\Watson et al. - 2001 - Magnetic Spin Ladder ( C 5 H 12 N ) 2 Cu Br 4  Hi.pdf:application/pdf},
}

@book{anderson_theory_1997,
	location = {Princeton, N.J},
	title = {The theory of superconductivity in the high-Tc cuprates},
	isbn = {978-0-691-04365-4},
	series = {Princeton series in physics},
	pagetotal = {446},
	publisher = {Princeton University Press},
	author = {Anderson, P. W.},
	date = {1997},
	keywords = {Congresses, Copper oxide superconductors, High temperature superconductors},
}

@article{bethe_zur_1931,
	title = {Zur Theorie der Metalle: I. Eigenwerte und Eigenfunktionen der linearen Atomkette},
	volume = {71},
	issn = {1434-6001, 1434-601X},
	url = {http://link.springer.com/10.1007/BF01341708},
	doi = {10.1007/BF01341708},
	shorttitle = {Zur Theorie der Metalle},
	pages = {205--226},
	number = {3},
	journaltitle = {Z. Physik},
	author = {Bethe, H.},
	urldate = {2021-09-06},
	date = {1931-03},
	langid = {german},
}