
@book{kolanoski_teilchendetektoren_2016,
	location = {Berlin Heidelberg},
	title = {Teilchendetektoren: Grundlagen und Anwendungen},
	isbn = {978-3-662-45349-0},
	shorttitle = {Teilchendetektoren},
	pagetotal = {921},
	publisher = {Springer Spektrum},
	author = {Kolanoski, Hermann and Wermes, Norbert},
	date = {2016},
	doi = {10.1007/978-3-662-45350-6},
	file = {Table of Contents PDF:/home/lasse/Zotero/storage/7UJDG3ST/Kolanoski und Wermes - 2016 - Teilchendetektoren Grundlagen und Anwendungen.pdf:application/pdf},
}

@book{demtroder_atome_2016,
	location = {Berlin Heidelberg},
	edition = {5., neu bearbeitete und aktualisierte Auflage},
	title = {Atome, Moleküle und Festkörper},
	isbn = {978-3-662-49093-8},
	series = {Experimentalphysik / Wolfgang Demtröder},
	pagetotal = {586},
	number = {3},
	publisher = {Springer Spektrum},
	author = {Demtröder, Wolfgang and Demtröder, Wolfgang},
	date = {2016},
	doi = {10.1007/978-3-662-49094-5},
	file = {Table of Contents PDF:/home/lasse/Zotero/storage/BGKAYJXC/Demtröder und Demtröder - 2016 - Atome, Moleküle und Festkörper.pdf:application/pdf},
}

@misc{tu_dortmund_versuchsanleitung_2021,
	title = {Versuchsanleitung V21 - Optisches Pumpen},
	publisher = {{TU} Dortmund},
	author = {{TU} Dortmund},
	date = {2021},
}

@misc{tu_dortmund_versuchsanleitung_2021-1,
	title = {Versuchsanleitung V01 - Kosmische Myonen},
	author = {{TU} Dortmund},
	date = {2021},
}

@misc{tu_dortmund_versuchsanleitung_2021-2,
	title = {Versuchsanleitung V46 - Faraday-Effekt},
	author = {{TU} Dortmund},
	date = {2021},
}

@misc{tu_dortmund_versuchsanleitung_2021-3,
	title = {Versuchsanleitung V64 - Moderne Interferometrie},
	author = {{TU} Dortmund},
	date = {2021},
}